<record><leader>00000cas a22000007a 4500</leader><controlfield tag="001">19061313</controlfield><controlfield tag="008">890125d19011901aludn ne      0    0eng d</controlfield><datafield ind1=" " ind2=" " tag="010"><subfield code="a">sn 89050001 </subfield></datafield><datafield ind1=" " ind2=" " tag="040"><subfield code="a">AAR</subfield><subfield code="b">eng</subfield><subfield code="c">AAR</subfield><subfield code="d">CPN</subfield><subfield code="d">OCLCQ</subfield></datafield><datafield ind1=" " ind2=" " tag="042"><subfield code="a">msc</subfield></datafield><datafield ind1="0" ind2=" " tag="130"><subfield code="a">Tuscaloosa sun (Tuscaloosa, Ala. : 1901)</subfield></datafield><datafield ind1="1" ind2="4" tag="245"><subfield code="a">The Tuscaloosa sun.</subfield></datafield><datafield ind1=" " ind2=" " tag="260"><subfield code="a">Tuscaloosa, Ala. :</subfield><subfield code="b">[s.n.],</subfield><subfield code="c">1901.</subfield></datafield><datafield ind1=" " ind2=" " tag="300"><subfield code="a">v.</subfield></datafield><datafield ind1=" " ind2=" " tag="310"><subfield code="a">Daily (except Sun.)</subfield></datafield><datafield ind1="0" ind2=" " tag="362"><subfield code="a">Vol. 1, no. 1 (May 20, 1901)-v. 1, no. 142 (Nov. 1, 1901).</subfield></datafield><datafield ind1=" " ind2=" " tag="752"><subfield code="a">United States</subfield><subfield code="b">Alabama</subfield><subfield code="c">Tuscaloosa</subfield><subfield code="d">Tuscaloosa.</subfield></datafield><datafield ind1="0" ind2=" " tag="775"><subfield code="t">Tuscaloosa sun</subfield><subfield code="w">(DLC)sn 86050352</subfield></datafield><datafield ind1="0" ind2="4" tag="785"><subfield code="t">Tuscaloosa times (Tuscaloosa, Ala.)</subfield><subfield code="w">(DLC)sn 89050018</subfield></datafield></record>